@STRING{SPRINGER = "Springer--Verlag"}
@STRING{ESWC12 = "Proceedings of the ESWC 2012"}

@article{pep8,
  title={PEP 8 -- Style guide for python code},
  author={{Van Rossum}, G. and Warsaw, B. and Coghlan, N.},
  url={http://www.python.org/dev/peps/pep-0008},
  year={2013},
  urldate = {11.11.2014},
  organization={Python Software Foundation},
}

@book{martelli2006python,
  title={Python in a Nutshell},
  author={Martelli, A.},
  year={2006},
  publisher={O'Reilly Media, Inc.}
}

@article{dubois2005nest,
  title={A nest of Pythons},
  author={Dubois, P. F.},
  journal={Computing in Science \& Engineering},
  volume={7},
  number={6},
  pages={81--84},
  year={2005},
  publisher={IEEE}
}

@article{python-teaching,
  title={Python is Now the Most Popular Introductory Teaching Language at Top U.S. Universities},
  author={Guo, P.},
  journal={Communications of The ACM Blog},
  year={2014},
  month={heinäkuu},
  organization={ACM},
  url   = {http://cacm.acm.org/blogs/blog-cacm/176450/fulltext},
  urldate = {06.11.2014},
}

@misc{python-docs,
  title = {Python 2.7.8 documentation},
  url   = {https://docs.python.org/2/reference/index.html},
  urldate = {06.11.2014},
  year  = {2014},
}

@misc{dive-into-python,
  title		= {Dive Into Python},
  author	= {Pilgrim, M.},
  url   	= {http://www.diveintopython.net/},
  urldate 	= {06.11.2014},
  month 	= {toukokuu},
  year  	= {2004},
}

@misc{mython,
  title         = {The Mython Programming Language},
  author        = {Jon Riehl},
  url           = {http://mython.org/},
  urldate       = {16.11.2014},
  year          = {2008},
}

@inproceedings{tratt05,
	author = "Laurence Tratt",
	title = "Compile-time meta-programming in a dynamically typed {OO} language",
	booktitle = "Proceedings Dynamic Languages Symposium",
	pages = "49--64",
	month = "October",
	year = "2005"
}










@article{lehikoinen2000phenology,
  title={Phenology of bird migration at the Hanko Bird Observatory, Finland, in 1979--1999},
  author={Lehikoinen, A and V{\"a}h{\"a}talo, A},
  journal={Tringa},
  volume={27},
  pages={150--224},
  year={2000}
}

@inproceedings{skaeveland-2011,
  title={Sgvizler: A {JavaScript} Wrapper for Easy Visualization of SPARQL Result Sets},
  author={M. Skaeveland},
  booktitle=ESWC12,
  pages={},
  year={2012},
  publisher=SPRINGER,
  month = {Heraklion, Kreikka, toukokuu},
}

@TechReport{OMstandard2013,
  author = {S. Cox},
  title = {Geographic information — Observations and measurements},
  url = {http://portal.opengeospatial.org/files/?artifact_id=41579},
  Urldate = {01.07.2014},
  type = {{OGC} Abstract Specification},
  year = {2013},
  institution = {Open Geospatial Consortium}
}

